<?xml version="1.0" encoding="UTF-8"?><collection xmlns="http://www.loc.gov/MARC21/slim"><record><leader>00402nam--2200133-i-4500</leader><controlfield tag="001">000018352</controlfield><controlfield tag="002">20161230</controlfield><controlfield tag="005">20161230201032</controlfield><controlfield tag="008">060222s1000------------r-----000-0-eng-d</controlfield><datafield ind1=" " ind2=" " tag="100"><subfield code="a">Connolly, T.W., Rogers, A.E</subfield></datafield><datafield ind1=" " ind2=" " tag="245"><subfield code="a">Analog computation in engineering design</subfield></datafield><datafield ind1=" " ind2=" " tag="260"><subfield code="a">New York, Mcgraw-hill, 1960. X + 450 P</subfield></datafield><datafield ind1=" " ind2=" " tag="490"><subfield code="a">Mcgraw-hill Series In Information Processing And Computers</subfield></datafield><datafield ind1=" " ind2=" " tag="852"><subfield code="a">15828</subfield></datafield></record></collection>